@Article{Lamp86,
  author =       "A.B. Smith and C.D. Jones and E.F. Roberts",
  title =        "Article Title",
  journal = 	 "Journal",
  year = 	 "1920",
  volume = 	 "62",
  pages = 	 "291-294",
  month = 	 "January"
}


@InProceedings{wayman,
  author =       "Wayman, J.",
  title =        "A definition of biometrics",
  booktitle =        "National Biometric Test Center Colected Works 1997-2000",
  organization = "San Jose State University",
  year = 	 "2000",
  volume = 	 "",
  pages = 	 ""
}

@incollection{jameswayman,
 author    = "Wayman, J. and Jain, A. and Maltoni, D. and Maio, D.",
 booktitle = "Biometric Systems: Technology, Design and Performance Evaluation",
 title     = "An Introduction to Biometric Authentication Systems",
 chapter   = "1",
 publisher = "Springer",
 year      =  2005,
 address   = "London",
 edition   = ""
}

@incollection{jain,
 author    = "Jain, A. K. and Pankanti, S.",
 editor    = "H. C. Lee and R. E. Gaensslen",
 title     = "Automated Fingerprint Identification and Imaging Systems",
 booktitle = "Advances in Fingerprint Technology",
 chapter   = "8",
 publisher = "CRC Press",
 year      = "2001",
 address   = "Boca Raton",
 edition   = "2nd"
}

@incollection{ratha,
 editor    = "Ratha, Nalini K. and Govindaraju, Venu",
 author    = "Parziale, G.",
 booktitle     = "Advances in Biometrics: Sensors, Algorithms and Systems",
 title     = "Touchless Fingerprinting Technology",
 chapter   = "2",
 publisher = "Springer",
 year      =  2008,
 address   = "London",
 edition   = ""
}

@incollection{robert,
 editor    = "Wayman, J. and Jain, A. and Maltoni, D. and Maio, D.",
 author    = "Allen, R. and Sankar, P. and Prabhakar, S.",
 booktitle = "Biometric Systems: Technology, Design and Performance Evaluation",
 title     = "Fingerprint Identification Technology",
 chapter   = "2",
 publisher = "Springer",
 year      =  2005,
 address   = "London",
 edition   = ""
}

@book{wsq,
 author    = "Federal Bureau of Investigation",
 title     = "WSQ Gray-scale Fingerprint Compression Specification Version 3.1",
 publisher = "Criminal Justice Information Services Division",
 year      =  2010,
 address   = "Available at {https://www.fbibiospecs.org/biometric\_specs.html}",
 edition   = ""
}

@book{tse,
 author    = "Braszilian Superior Electoral Court",
 title     = "Voter's Biometric Identification",
 publisher = "TSE",
 year      =  2014,
 address   = "Available at {http://english.tse.jus.br/electronic-voting/the-biometrical-system-in-brazil}",
 edition   = ""
}


@article{yong2009,
    Author         = {Yongchang Wang and Qi Hao and A. Fatehpuria and L. G. Hassebrook and D. L. Lau},
    Journal        = {Proc. of Int. Conf. on Biometrics, Identity and Security},
    Month          = {Sept.},
    Number         = {},
    Pages          = {},
    Title          = {Data acquisition and quality analysis of 3-dimensional fingerprints},
    Volume         = {},
    Year           = {2009}
}

 @article{flashscan2009,
  author =       "Rachel Kremen",
  title =        "Touchless 3-D Fingerprinting: A new system offers better speed and accuracy",
  journal = 	 "Technology Review Published by {MIT}",
  year = 	 "2009",
  volume = 	 "",
  pages = 	 "",
  month = 	 "Sept."
}



@book{richard01,
    Author         = {I. E. G. Richardson},
    Publisher      = {Wiley},
    Address        = {EUA},
    Title          = {{H.264 and MPEG-4 video Compression}},
    Year           = {2003}
}

@article{queirozfringe,
    Author         = {R. L. de Queiroz and R. S. Ortis and A. Zaghetto and T. A. Fonseca},
    Journal        = {Proc. of ITS},
    Month          = {Sept.},
    Number         = {},
    Pages          = {208-212},
    Title          = {{Fringe Benefits of the H.264/AVC}},
    Volume         = {},
    Year           = {2006}
}

@book{taubman,
  author        = {D. S. Taubman and M. W. Marcellin},
  title         = {{JPEG 2000: Imagem Compression Fundamentals, Standards and Practice}},
  publisher     = {Kluwer Academic},
  Address       = {EUA},
  year          = {2002}
}

@article{alexandrebook,
    Author         = {A. Zaghetto and R. L. de Queiroz},
    Journal        = {Proc. of 17th {IEEE} ICIP},
    Month          = {Sept.},
    Number         = {},
    Pages          = {2165-2168},
    Title          = {High quality scanned book compression using pattern matching},
    Volume         = {},
    Year           = {2010}
}

@ARTICLE{eddie,
    Author         = {Eddie Batista de Lima Filho and Eduardo A. B. da Silva and Murilo Bresciani de Carvalho and Frederico Silva Pinaga},
    Journal        = {IEEE Transactions on Image Processing},
    Month          = {Apr.},
    Number         = {4},
    Pages          = {512-527},
    Title          = {{Universal Image Compression Using Multiscale Recurrent Patterns With Adaptive Probability Model}},
    Volume         = {17},
    Year           = {2008}
}

@ARTICLE{milgram,
    Author         = {Milgram, D.L.},
    Journal        = {IEEE Transactions on Computers},
    Month          = {Nov.},
    Number         = {11},
    Pages          = {1113-1119},
    Title          = {Computer Methods for Creating Photomosaics},
    Volume         = {C-24},
    Year           = {1975}
}

@inProceedings{wsqjpeg,
  author    = {Miguel A. Figueroa-Villanueva and
               Nalini K. Ratha and
               Ruud M. Bolle},
  title     = {A Comparative Performance Analysis of JPEG 2000 vs. WSQ
               for Fingerprint Image Compression},
  booktitle = {Int. Conf. on Audio- and Video-Based Biometric Person Authentication, 4th},
  year      = {2003},
  pages     = {385-392},
}

@article(Murilo02,
 author = "M. de Carvalho and E. da Silva and W. Finamore",
 title = "Multidimensional signal compression using multiscale recurrent patterns",
 journal = "Elsevier Signal Processing",
 volume = "82",
 pages = "1559-1580",
 month = "November",
 year = "2002"
)

@ARTICLE{Nelson_TIP10,
author={Francisco, N.C. and Rodrigues, N.M.M. and da Silva, E.A.B. and de Carvalho, M.B. and de Faria, S.M.M. and Silva, V.M.M.},
journal={Image Processing, IEEE Transactions on}, title={Scanned Compound Document Encoding Using Multiscale Recurrent Patterns},
year={2010},
month=oct. ,
volume={19},
number={10},
pages={2712 -2724},
keywords={adaptive multiscale dictionaries;approximate pattern matching;concatenations;encoded image blocks;multidimensional multiscale parser;multiscale recurrent patterns;scanned compound document encoding;document image processing;encoding;grammars;image coding;},
doi={10.1109/TIP.2010.2049181},
ISSN={1057-7149},}

@ARTICLE{cabac, 
author={Marpe, D. and Schwarz, H. and Wiegand, T.}, 
journal={Circuits and Systems for Video Technology, IEEE Transactions on}, title={Context-based adaptive binary arithmetic coding in the H.264/AVC video compression standard}, 
year={2003}, 
month={july}, 
volume={13}, 
number={7}, 
pages={ 620 - 636}, 
keywords={ CABAC; H.264/AVC video compression standard; ITU-T/ISO/IEC standard; adaptation; bit-rate savings; broadcast applications; context modeling; context-based adaptive binary arithmetic coding; hardware implementations; probability estimation; redundancy reduction; software implementations; test sequences; video quality; IEC standards; ISO standards; adaptive codes; arithmetic codes; binary codes; code standards; data compression; video coding;}, 
doi={10.1109/TCSVT.2003.815173}, 
ISSN={1051-8215},}

@INPROCEEDINGS{piuri1, 
author={Labati, R.D. and Piuri, V. and Scotti, F.}, 
booktitle={Neural Networks (IJCNN), The 2010 International Joint Conference on}, title={Neural-based quality measurement of fingerprint images in contactless biometric systems}, 
year={2010}, 
month={july}, 
volume={}, 
number={}, 
pages={1 -8}, 
keywords={CCD-based system;biometric information;computational complexity reduction;contactless biometric systems;distance 0.2 m;fingertip ridge pattern;fingertip valley pattern;frame extraction;illumination problem;image acquisition;image capture;image sequence;neural classification;neural-based quality measurement;user fingerprint images;vision system;CCD image sensors;computer vision;feature extraction;fingerprint identification;image classification;image sequences;neural nets;}, 
doi={10.1109/IJCNN.2010.5596694}, 
ISSN={1098-7576},}

@INPROCEEDINGS{piuri2, 
author={Labati, Ruggero Donida and Piuri, Vincenzo and Scotti, Fabio}, 
booktitle={Computational Intelligence in Biometrics and Identity Management (CIBIM), 2011 IEEE Workshop on}, title={A neural-based minutiae pair identification method for touch-less fingerprint images}, 
year={2011}, 
month={april}, 
volume={}, 
number={}, 
pages={96 -102}, 
keywords={}, 
doi={10.1109/CIBIM.2011.5949224}, 
ISSN={},}

@INPROCEEDINGS{piuri3, 
author={Piuri, V. and Scotti, F.}, 
booktitle={Biometrics: Theory, Applications and Systems, 2008. BTAS 2008. 2nd IEEE International Conference on}, title={Fingerprint Biometrics via Low-cost Sensors and Webcams}, 
year={2008}, 
month={29 2008-oct. 1}, 
volume={}, 
number={}, 
pages={1 -6}, 
keywords={fingerprint biometrics;fingerprint recognition;fingerprint verification;fingertip registration phase;low-cost sensors;webcams;fingerprint identification;image registration;image sensors;}, 
doi={10.1109/BTAS.2008.4699379}, 
ISSN={},}

@INPROCEEDINGS{ArtigoZaghetto2011, 
 author={Francisco, N.C. and Zaghetto, A. and Macchiavello, B. and da Silva, E.A.B. and Lima-Marques, M. and Rodrigues, N.M.M. and de Faria, S.M.M.}, 
 booktitle={Biometric Measurements and Systems for Security and Medical Applications (BIOMS), 2011 IEEE Workshop on}, 
 title={Compression of touchless multiview fingerprints}, 
 year={2011}, 
 month={Sept}, 
 pages={1-5}, 
 abstract={Recently, touchless multiview fingerprinting technology has been proposed as an alternative to overcome the intrinsic problems of traditional contact-based systems. Nevertheless, compression of this kind of signal has not been fully evaluated and standardized. This paper investigates the comparative performance of several encoders for this data, namely WSQ, JPEG2000, H.264/AVC and MMP. Experimental results show that WSQ encoder, which is the current compression standard for contact-based fingerprints, is objectively outperformed by all others. In particular, MMP, which achieved the best results, outperforms WSQ by up to 4 dB.}, 
 keywords={fingerprint identification;image coding;H.264/AVC;JPEG2000;MMP;WSQ;contact-based systems;image compression;touchless multiview fingerprinting technology;Biometrics;Bit rate;Fingerprint recognition;Image coding;PSNR;Transform coding;Transforms;Biometrics;fingerprint recognition;image coding;multiview;touchless}, 
 doi={10.1109/BIOMS.2011.6052380},}
 
 
 @ARTICLE{Zhang_1, 
author={Feng Liu and Zhang, D. and Changjiang Song and Guangming Lu}, 
journal={Instrumentation and Measurement, IEEE Transactions on}, 
title={Touchless Multiview Fingerprint Acquisition and Mosaicking}, 
year={2013}, 
month={Sept}, 
volume={62}, 
number={9}, 
pages={2492-2502}, 
keywords={fingerprint identification;image segmentation;optimisation;image recognition;low ridge-valley contrast fingerprint imaging;optimization design;single-view acquisition system;touch-based fingerprint image quality;touchless multiview fingerprint acquisition;touchless multiview fingerprint capture system;touchless multiview fingerprint mosaicking method;Cameras;Feature extraction;Fingerprint recognition;Image resolution;Image segmentation;Light emitting diodes;Device design;RANdom SAmple Consensus;fingerprint acquisition;fingerprint mosaicking;scale invariant feature transformation;touchless multiview imaging}, 
doi={10.1109/TIM.2013.2258248}, 
ISSN={0018-9456},}

@book{Wayman:2010:BST:1965227,
 author = {Wayman, James L. and Jain, Anil K. and Maltoni, Davide and Maio, Dario},
 title = {Biometric Systems: Technology, Design and Performance Evaluation},
 year = {2010},
 isbn = {1849968861, 9781849968867},
 edition = {1st},
 publisher = {Springer Publishing Company, Incorporated},
} 

@INPROCEEDINGS{Kwong2013CVPR,
author={Kumar, A. and Kwong, C.},
booktitle={Computer Vision and Pattern Recognition (CVPR), 2013 IEEE Conference on},
title={Towards Contactless, Low-Cost and Accurate 3D Fingerprint Identification},
year={2013},
month={June},
pages={3438-3443},
keywords={cameras;fingerprint identification;image matching;image representation;2D fingerprint system;3D finger surface features;3D fingerprint matching;3D fingerprint technology;3D minutiae;contact less 3D fingerprint identification system;contactless 3D fingerprint identification;finger surface codes;hygiene;low-cost 3D fingerprint identification;minutiae representation;multiple 2D fingerprint images;multiple imaging cameras;single camera;structured lighting;user convenience;Fingerprint recognition;Fingers;Image matching;Image reconstruction;Surface reconstruction;Three-dimensional displays;Vectors;3D Fingerprint Identification;3D Fingerprint Reconstruction;Biometrics;Contactless Fingerprint Recognition;Photometric Stereo},
doi={10.1109/CVPR.2013.441},
ISSN={1063-6919},}

@INPROCEEDINGS{Dlay2007,
author={AlTarawneh, M.S. and Woo, W.L. and Dlay, S.S.},
booktitle={Digital Signal Processing, 2007 15th International Conference on},
title={Objective Fingerprint Image Quality Assessment using Gabor Spectrum Approach},
year={2007},
month={July},
pages={248-251},
keywords={feature extraction;fingerprint identification;image classification;Gabor features representation;Gabor spectrum;faulty fingerprint images;finger print images classification;fingerprint authentication;fingerprint identification;human visual system judgment;objective fingerprint image quality assessment;Authentication;Cryptography;Fingerprint recognition;Image databases;Image matching;Intelligent structures;Power system reliability;Quality assessment;Spatial databases;Testing;Fingerprint;Fingerprint features;Gabor function;Human Visual System;Image quality;Power spectrum;TIMA database},
doi={10.1109/ICDSP.2007.4288565},}

@INPROCEEDINGS{Makarov2013,
author={Olsen, M.A. and Tabassi, E. and Makarov, A. and Busch, C.},
booktitle={Computer Vision and Pattern Recognition Workshops (CVPRW), 2013 IEEE Conference on},
title={Self-Organizing Maps for Fingerprint Image Quality Assessment},
year={2013},
month={June},
pages={138-145},
keywords={computational complexity;fingerprint identification;image representation;military computing;mobile computing;pattern clustering;police;probability;self-organising feature maps;unsupervised learning;NIST NFIQ 2.0 Website;SOM;accuracy tracking;biometric enrolment;biometric recognition systems;computational complexity requirement;detection probability;finger image high-level representation;fingerprint image block clustering;fingerprint image quality assessment;military force;mobile platforms;national biometric systems;police forces;quality measurement;random forest;recognition process;self-organizing maps;spatial information content;supervised machine learning techniques;unsupervised machine learning techniques;Accuracy;Histograms;Quality assessment;Topology;Training;Vectors;Vegetation;Kohonen self-organizing map;biometric;evaluation;fingerprint;machine learning;quality;random forest;standard},
doi={10.1109/CVPRW.2013.28},}

@INPROCEEDINGS{Uhl2014,
author={Hammerle-Uhl, J. and Pober, M. and Uhl, A.},
booktitle={Information and Communication Technology, Electronics and Microelectronics (MIPRO), 2014 37th International Convention on},
title={Systematic evaluation methodology for fingerprint-image quality assessment techniques},
year={2014},
month={May},
pages={1315-1319},
keywords={fingerprint identification;image forensics;image matching;StirMark image manipulation;fingerprint acquisition conditions;fingerprint-image quality assessment techniques;fingerprint-image quality indices;forensic analysis;inter-data set variability;inter-fingerprint matcher variability;systematic evaluation methodology;Correlation;Correlation coefficient;Fingerprint recognition;Image quality;Indexes;Noise;Systematics;StirMark;fingerprint quality indices;fingerprint recognition},
doi={10.1109/MIPRO.2014.6859771},}

@INPROCEEDINGS{Mario2014,
author={Dittmann, Jana and Hildebrandt, Mario},
booktitle={Biometrics and Forensics (IWBF), 2014 International Workshop on},
title={Context analysis of artificial sweat printed fingerprint forgeries: Assessment of properties for forgery detection},
year={2014},
month={March},
pages={1-6},
keywords={Context;Fingerprint recognition;Forensics;Forgery;Printers;Printing;Production;Context Analysis;Fingerprint Forgeries;Forensics;Latent Prints},
doi={10.1109/IWBF.2014.6914246},}
 
@ARTICLE{Nist2014Wing,
author={Wing, B.},
journal={IT Professional},
title={NIST Contributions to Biometric Technology},
year={2014},
month={Mar},
volume={16},
number={2},
pages={38-44},
keywords={fingerprint identification;speech recognition;NIST contribution;biometric technology;data interchange;data-quality evaluation tool;fingerprint image analysis;self-assessment tool;speech-recognition;Biometrics;Databases;Fingerprint recognition;Identity management;Image matching;Iris recognition;NIST;biometrics;information technology;standards},
doi={10.1109/MITP.2013.89},
ISSN={1520-9202},}

@INPROCEEDINGS{Busch2014,
author={Dusio, Marek and Olsena, Martin Aastrup and Busch, Christoph},
booktitle={Biometrics and Forensics (IWBF), 2014 International Workshop on},
title={Fingerprint sample quality assessment via ridge line count using Laplacian of Gaussian edge finding},
year={2014},
month={March},
pages={1-6},
keywords={Biometrics (access control);Correlation;Fingerprint recognition;IEC standards;ISO standards;Laplace equations;Principal component analysis;Biometric Performance;Biometrics;Fingerprint Quality;Principal Component Analysis},
doi={10.1109/IWBF.2014.6914239},}

@ARTICLE{1023799, 
author={Pankanti, S. and Prabhakar, S. and Jain, A.K.}, 
journal={Pattern Analysis and Machine Intelligence, IEEE Transactions on}, 
title={On the individuality of fingerprints}, 
year={2002}, 
month={Aug}, 
volume={24}, 
number={8}, 
pages={1010-1025}, 
keywords={fingerprint identification;parameter estimation;probability;automatic fingerprint verification system;automatic matching;biometric authentication;false correspondence probability;fingerprint evidence;fingerprint identification;fingerprint images;individuality;minutiae features;minutiae points;probability estimates;validity;Anatomy;Degradation;Error analysis;Fingerprint recognition;Fingers;Friction;Image matching;Skin;Testing;Upper bound}, 
doi={10.1109/TPAMI.2002.1023799}, 
ISSN={0162-8828},} 

@INPROCEEDINGS{363768, 
author={Khanna, R. and Weicheng Shen}, 
booktitle={Security Technology, 1994. Proceedings. Institute of Electrical and Electronics Engineers 28th Annual 1994 International Carnahan Conference on}, 
title={Automated fingerprint identification system (AFIS) benchmarking using the National Institute of Standards and Technology (NIST) Special Database 4}, 
year={1994}, 
month={Oct}, 
pages={188-194}, 
keywords={image recognition;police data processing;public administration;standards;NIST Special Database 4;Sun SPARC 10;United Kingdom Home Office HO-39 fingerprint matching algorithm;automated fingerprint identification system benchmarking;fingerprint matching technology;law enforcement community;performance measurement methods;Fingerprint identification;Standards}, 
doi={10.1109/CCST.1994.363768},}



@ARTICLE{5712207, 
author={Jing-Hao Xue and Titterington, D.M.}, 
journal={Image Processing, IEEE Transactions on}, 
title={ t -Tests, F -Tests and Otsu's Methods for Image Thresholding}, 
year={2011}, 
month={Aug}, 
volume={20}, 
number={8}, 
pages={2392-2396}, 
keywords={image segmentation;statistical testing;F-test method;Otsu binarization method;absolute student t-statistic;image segmentation;likelihood-ratio test statistics;multilevel thresholding;one-way analysis of variance;parametric image-thresholding methods;statistical tests;t-test method;Analysis of variance;Equations;Gaussian distribution;Histograms;Pattern recognition;Pixel;Robustness;$F$-tests;Analysis of variance (ANOVA);Otsu's methods;Student's $t$-tests;image thresholding;likelihood-ratio tests}, 
doi={10.1109/TIP.2011.2114358}, 
ISSN={1057-7149},}

@incollection{yu2011levenberg, title={Levenberg--Marquardt Training}, author={Yu, Hao and Wilamowski, B. M.}, booktitle={Industrial Electronics Handbook, 2nd Edition}, volume={5}, pages={12--1}, year={2011}, publisher={CRC Press} }

@book{Haykin:1998:NNC:521706, author = {Haykin, Simon}, title = {Neural Networks: A Comprehensive Foundation}, year = {1998}, isbn = {0132733501}, edition = {2nd}, publisher = {Prentice Hall PTR}, address = {Upper Saddle River, NJ, USA}, }

@MISC{Beale93neuralnetwork,
    author = {Howard Demuth and Mark Beale and Howard Demuth and Mark Beale},
    title = {Neural Network Toolbox For Use with Matlab},
    year = {1993}
}