@book{handbook_biometric,
  author = {Sébastien Marcel and Mark S. Nixon and Stan Z. Li},
  title = {Handbook of Biometric Anti-Spoofing: Trusted Biometrics under Spoofing Attacks},
  publisher = {Springer-Verlag London},
  year = {2014}
}

% Citado!
@book{advances_biometrics,
  author = {Nalini K. Ratha and Venu Govindaraju},
  title = {Advances in Biometrics: Sensors, Algorithms and Systems},
  publisher = {Springer-Verlag London Limited},
  year = {2008}
}

% Citado!
@incollection{introducao_biometria,
  author = {Luciano R. Costa and Rafael R. Obelheiro and Joni S. Fraga},
  title = {Introdução à Biometria},
  booktitle = {Livro-texto dos Minicursos, VI Simpósio Brasileiro em Segurança da Informação e de Sistemas Computacionais},
  pages = {103-151},
  publisher = {SBSeg},
  year = {2006}
}

% Citado!
@book{biometric_systems,
  author = {James Wayman and Anil Jain and Davide Maltoni and Dario Maio},
  title = {Biometric Systems: Technology, Design and Performance Evaluation},
  publisher = { Springer-Verlag London Limited},
  year = {2005}
}

@book{image_quality,
  author = {Elham Tabassi and Charles L. Wilson and Craig I. Watson},
  title = {Fingerprint Image Quality},
  publisher = {National Institute of Standards and Technology},
  year = {2004}
}

% Citado!
@article{guidelines_practices, 
  author = {Anil Jain and Brendan Klare and Arun Ross},
  title = {Guidelines for Best Practices in Biometrics Research},
  journal = {8th IAPR  International Conference  on  Biometrics},
  year = {2015}
}

% Citado!
@article{clarke,
  author = {Roger Clarke},
  title = {Human Identification in Information Systems: Management Challenges and Public Policy Issues},
  journal = {Information Technology and People},
  year = {1994}
}

% Citado!
@article{vital_signs,
  author = {Benjamin Miller},
  title = {Vital signs of identity},
  journal = {IEEE Spectrum},
  year = {1994}
}

% Citado!
@article{an_introduction_biometric_recognition,
  author = {Anil K. Jain and Arun Ross and Salil Prabhakar},
  title = {An Introduction to Biometric Recognition},
  journal = {IEEE TRANSACTIONS ON CIRCUITS AND SYSTEMS FOR VIDEO TECHNOLOGY},
  year = {2004},
  month = {Janeiro},
  volume = {14},
  number = {1}
}

@phdthesis{phd_thesis,
  author = {Shahzad Ahmed Memon},
  title = {Novel Active Sweat Pores Based Liveness Detection Techniques for Fingerprint Biometrics},
  school = {Brunel University},
  year = {2012},
  month = {Abril}
}

% Citado!
@article{modular_architecture,
  author = {George D. C. Cavalcanti and Luis Filipe A. Pereira and Hector N. B. Pinheiro and Jose Ivson S. Silva and Anderson G. Silva and Thais M. L. Pina and Daniel B. O. Carvalho and Tsang Ing Ren},
  title = {A modular architecture based on image quality for fingerprint spoof detection},
  journal = {IEEE International Conference on Systems, Man, and Cybernetics},
  year = {2012},
  month= {Outubro}
}


@inproceedings{fingerprint_classification_match,
    author = {Anil Jain and Sharath Pankanti},
    title = {Fingerprint Classification and Matching},
    booktitle = {HANDBOOK FOR IMAGE AND VIDEO PROCESSING},
    year = {2000},
    publisher = {Academic Press}
}

% Citado!
@article{2D_3D_survey,
  author = {Ruggero Donida Labati and Angelo Genovese and Vincenzo Piuri and Fabio Scotti},
  title = {Touchless fingerprint biometrics: a survey on 2D and 3D technologies},
  journal = {Journal of Internet Technology},
  volume = {15},
  number = {3},
  pages = {325-332},
  month = {May},
  year = {2014},
  note = {1607-9264}
}

% Citado!
@ARTICLE{presentation_attack_survey,
  author = {Ctirad Sousedik and Christoph Busch},
  title = {Presentation attack detection methods for fingerprint recognition systems: a survey},
  journal = {IET Biometrics},
  year = {2014},
  month = {Dezembro},
  volume = {3},

}

%article{Biolchini_2005_Systematicreviewin,
%  author = {Biolchini, Jorge and Mian, P Gomes and Natali, A Candida Cruz and
%  Travassos, G Horta},
%  title = {Systematic review in software engineering},
%  journal = {System Engineering and Computer Science Department COPPE/UFRJ, Technical
%  Report ES},
%  year = {2005},
%  volume = {679},
%  number = {05}
%},

%article{greenwade93,
%    author  = "George D. Greenwade",
%    title   = "The {C}omprehensive {T}ex {A}rchive {N}etwork ({CTAN})",
%    year    = "1993",
%    journal = "TUGBoat",
%    volume  = "14",
%    number  = "3",
%    pages   = "342--351"
%},%

%book{Knuth_1986_texbook,
%  title = {The texbook},
%  publisher = {Addison-Wesley Reading, MA, USA},
%  year = {1986},
%  author = {Knuth, Donald Ervin and Bibby, Duane},
%  volume = {1993}
%},
%
%book{lamport_latex:_1994,
%  address = {Reading, Mass.},
%  title = {{LATEX}: a document preparation system : user's guide and reference manual},
%  isbn = {0201529831 9780201529838},
%  shorttitle = {{LATEX}},
%  language = {English},
%  publisher = {Addison-Wesley Pub. Co.},
%  author = {Lamport, Leslie},
%  year = {1994}
%}

%book{newton1833philosophiae,
%  title={Philosophiae naturalis principia mathematica},
%  author={Newton, Isaac and Bernoulli, Daniel and MacLaurin, Colin and Euler, Leonhard},
%  volume={1},
%  year={1833},
%  publisher={excudit G. Brookman; impensis TT et J. Tegg, Londini}
%},
%
%MISC{Oetiker_1995_notsoshort,
%  author = {Oetiker, Tobias and Partl, Hubert and Hyna, Irene and Schlegl, Elisabeth},
%  title = {The not so short introduction to LATEX2$\varepsilon$},
%  year = {1995},
%  file = {Oetiker_1995_notsoshort.pdf:Oetiker_1995_notsoshort.pdf:PDF}
%},
%
%article{scr2009,
%  title={The 2009 simulated car racing championship},
%  author={Loiacono, Daniele and Lanzi, Pier Luca and Togelius, Julian and Onieva, Enrique and Pelta, David A and Butz, Martin V and L{\"o}nneker, Thies D and %Cardamone, Luigi and Perez, Diego and S{\'a}ez, Yago and others},
%  journal={Computational Intelligence and AI in Games, IEEE Transactions on},
%  volume={2},
%  number={2},
%  pages={131--147},
%  year={2010},
%  publisher={IEEE}
%},
%
%misc{pinteric_latex_2004,
%  title = {{LaTeX} on {Windows}},
%  url = {http://www.pinteric.com/miktex.html},
%  urldate = {2015-06-11},
%  author = {Pinteric, Marko},
%  file = {LaTeX on Windows:/home/gnramos/Dropbox/documents/config/zotero/storage/H4KEHQA5/miktex.html:text/html}
%},
%book{covey_first_1995,
%  title={First things first},
%  author={Covey, Stephen R and Merrill, A Roger and Merrill, Rebecca R},
%  year={1995},
%  publisher={Simon and Schuster}
%}
